@article{de2002psicologia,
  title={A psicologia frente a educa{\c{c}}{\~a}o e o trabalho docente},
  author={de Carvalho, Diana Carvalho},
  year={2002},
  publisher={SciELO Brasil}
}

@article{castellar2005educaccao,
  title={Educa{\c{c}}{\~a}o geogr{\'a}fica: a psicogen{\'e}tica e o conhecimento escolar},
  author={Castellar, Sonia Maria Vanzella},
  journal={Cad. Cedes, Campinas},
  volume={25},
  number={66},
  pages={209--225},
  year={2005},
  publisher={SciELO Brasil}
}

@article{lima2012linguagem,
  title={A linguagem cartogr{\'a}fica e o ensino-aprendizagem da Geografia: algumas reflex{\~o}es},
  author={Lima, Francisco de Assis Fernandes and da Costa, Franklin Roberto},
  journal={Geografia Ensino \& Pesquisa},
  volume={16},
  number={2},
  pages={105--116},
  year={2012}
}