%% This BibTeX bibliography file was created using BibDesk.
%% http://bibdesk.sourceforge.net/


%% Created for Lauro Cesar Araujo at 2013-08-21 10:57:09 -0300 


%% Saved with string encoding Unicode (UTF-8) 

@misc{pnud2013,
	Author = {PNUD},
	Date-Added = {2015-11-21 13:56:10 +0000},
	Date-Modified = {{2015-11-21 13:56:10 +0000},
	Howpublished = {Atlas do Desenvolvimneto Humano no Brasil},
	Keywords = {PNUD},
	Title = {Dados da cidade de Manaus-AM},
	Url = {http://www.atlasbrasil.org.br/2013/pt/perfil_m/manaus_am},
	Urlaccessdate = {21 nov 2015},
	Year = {2013},
	Bdsk-Url-1 = {http://www.atlasbrasil.org.br/2013/pt/perfil_m/manaus_am}}

@article{ACP95,
author = {T. Anderson and D. Culler
and D. Patterson},
title = {A case for {NOW} ({N}etwork {O}f
{W}orkstations)},
journal = {IEEE Micro},
volume = 15,
number = 1,
year = 1995,
month = {February},
pages = {54-64}}    